@mvbook{Landau,
  author 	= {Ландау, Лев Давидович and Лифшиц, Евгений Михайлович},
  title 	= {Теоретическая физика},
  subtitle	= {Учебное пособие},
  volumes 	= {10},
  langid	= {russian}
}

@book{Landau1,
  author 	= {Ландау, Лев Давидович and Лифшиц, Евгений Михайлович},
  title 	= {Механика},
  volume 	= {1},
  year 		= {1988},
  publisher	= {Наука. Гл. ред. физ.-мат. лит.},
  location	= {Москва}, 
  edition	= {4-е изд., испр.},
  langid	= {russian},  
  isbn		= {5-02-013850-9},
  pagetotal	= {216},
  crossref	= {Landau}
}

@book{Bourg,
  author	= {Bourg, David M. and Bywalec, Bryan},
  title		= {Physics for Game Developers},
  date		= {2013},
  publisher	= {O'Reilly},
  location	= {Sebastopol, CA 95472},
  edition	= {2},
  langid	= {english},
  isbn		= {978-1-449-39251-2},
  pagetotal	= {553}
}

@article{Boeing,
  author	= {Boeing, Adrian and Bräunl, Thomas},
  title		= {Evaluation of real-time physics simulation systems},
  journaltitle	= {Graphite 2007},
  date		= {2007},
  loacation	= {Perth, Western Australia},
  pages		= {281-288},
  langid	= {english}
}



